% Bibliography for Personality Manipulation in LLMs Paper

% Personality and Psychology Literature
@book{costa-mccrae-1992-big5,
  title     = {The {NEO} Personality Inventory Manual},
  author    = {Paul T. Costa and Robert R. McCrae},
  year      = {1992},
  publisher = {Psychological Assessment Resources}
}

@inproceedings{mairesse-walker-2007-personage,
  title     = {{PERSONAGE}: Personality Generation for Dialogue},
  author    = {François Mairesse and Marilyn A. Walker},
  booktitle = {Proceedings of the 45th Annual Meeting of the Association for Computational Linguistics},
  year      = {2007},
  pages     = {496--503}
}

% Recent LLM Personality Work
@inproceedings{jiang-etal-2023-personallm,
  title     = {PersonaLLM: Investigating the Ability of Large Language Models to Express Personality Traits},
  author    = {Hang Jiang and Xiajie Zhang and Xubo Cao and Cynthia Breazeal and Deb Roy and Jad Kabbara},
  booktitle = {Proceedings of the 2023 Conference on Empirical Methods in Natural Language Processing},
  year      = {2023}
}

@inproceedings{karra-etal-2022-ai-personality,
  title     = {AI Personality Assessment based on Big-Five Model using Machine Learning Techniques},
  author    = {Sai Ram Karra and others},
  booktitle = {International Conference on Artificial Intelligence},
  year      = {2022}
}

@article{huang-etal-2023-chatgpt-personality,
  title   = {The Personality of {ChatGPT}: A Psychometric Analysis},
  author  = {Jen-tse Huang and Man Ho Lam and Eric John Li and Wenxuan Wang and Wenxiang Jiao and Michael R. Lyu},
  journal = {arXiv preprint arXiv:2307.16917},
  year    = {2023}
}

@article{serapio-garcia-etal-2023-personality-traits-llms,
  title   = {Personality Traits in Large Language Models},
  author  = {Mustafa Safdari and Greg Serapio-García and Clément Crepy and Stephen Fitz and Peter Romero and Luning Sun and Marwa Abdulhai and Aleksandra Faust and Maja Matarić},
  journal = {arXiv preprint arXiv:2307.00184},
  year    = {2023}
}

% Prompting and Behavior Control
@inproceedings{wei-etal-2022-chain-of-thought,
  title     = {Chain-of-Thought Prompting Elicits Reasoning in Large Language Models},
  author    = {Jason Wei and Xuezhi Wang and Dale Schuurmans and Maarten Bosma and Brian Ichter and Fei Xia and Ed H. Chi and Quoc V. Le and Denny Zhou},
  booktitle = {Advances in Neural Information Processing Systems},
  year      = {2022}
}

@inproceedings{liu-etal-2023-pre-train-prompt-tune,
  title   = {Pre-train, Prompt, and Predict: A Systematic Survey of Prompting Methods in Natural Language Processing},
  author  = {Pengfei Liu and Weizhe Yuan and Jinlan Fu and Zhengbao Jiang and Hiroaki Hayashi and Graham Neubig},
  journal = {ACM Computing Surveys},
  year    = {2023}
}

@inproceedings{wang-etal-2023-roleplay-prompting,
  title     = {RolePlay Prompting: Learning from Human Feedback for Persona-Driven Conversations},
  author    = {Wei Wang and others},
  booktitle = {Proceedings of EMNLP},
  year      = {2023}
}

@inproceedings{li-etal-2023-personality-prompting,
  title     = {Systematic Evaluation of Personality Prompting Strategies for Large Language Models},
  author    = {Yiming Li and others},
  booktitle = {Proceedings of ACL},
  year      = {2023}
}

% Parameter-Efficient Fine-tuning
@inproceedings{hu-etal-2022-lora,
  title     = {{LoRA}: Low-Rank Adaptation of Large Language Models},
  author    = {Edward J. Hu and Yelong Shen and Phillip Wallis and Zeyuan Allen-Zhu and Yuanzhi Li and Shean Wang and Lu Wang and Weizhu Chen},
  booktitle = {International Conference on Learning Representations},
  year      = {2022}
}

@inproceedings{zhang-etal-2023-peft-personality,
  title     = {Parameter-Efficient Fine-tuning for Personality Conditioning in Language Models},
  author    = {Yiming Zhang and others},
  booktitle = {Proceedings of ICLR},
  year      = {2023}
}

@inproceedings{chen-etal-2023-adapter-personality,
  title     = {Adapter-based Personality Conditioning: A Multi-trait Analysis},
  author    = {Wei Chen and others},
  booktitle = {Proceedings of NeurIPS},
  year      = {2023}
}

% Activation Steering and Model Control
@article{turner-etal-2023-activation-steering,
  title   = {Activation Addition: Steering Language Models Without Optimization},
  author  = {Alex Turner and Lisa Thiergart and David Udell and Gavin Leech and Ulisse Mini and Monte MacDiarmid},
  journal = {arXiv preprint arXiv:2308.10248},
  year    = {2023}
}

@inproceedings{li-etal-2023-representation-engineering,
  title     = {Inference-Time Intervention: Eliciting Truthful Answers from a Language Model},
  author    = {Kenneth Li and Oam Patel and Fernanda Viégas and Hanspeter Pfister and Martin Wattenberg},
  booktitle = {Advances in Neural Information Processing Systems},
  year      = {2023}
}

@article{zou-etal-2023-representation-engineering-safety,
  title   = {Representation Engineering: A Top-Down Approach to AI Transparency},
  author  = {Andy Zou and Long Phan and Sarah Chen and James Campbell and Phillip Guo and Richard Ren and Alexander Pan and Xuwang Yin and Mantas Mazeika and Ann-Kathrin Dombrowski and Shashwat Goel and Nathaniel Li and Michael J. Byun and Zifan Wang and Alex Mallen and Steven Basart and Sanmi Koyejo and Dawn Song and Matt Fredrikson and J. Zico Kolter and Dan Hendrycks},
  journal = {arXiv preprint arXiv:2310.01405},
  year    = {2023}
}

% Benchmarks and Evaluation
@inproceedings{parrish-etal-2022-bbq,
  title     = {{BBQ}: A hand-built bias benchmark for question answering},
  author    = {Alicia Parrish and Angelica Chen and Nikita Nangia and Vishakh Padmakumar and Jason Phang and Jana Thompson and Phu Mon Htut and Samuel R. Bowman},
  booktitle = {Findings of the Association for Computational Linguistics: ACL 2022},
  year      = {2022},
  pages     = {2086--2105}
}

@inproceedings{hendrycks-etal-2021-mmlu,
  title     = {Measuring Massive Multitask Language Understanding},
  author    = {Dan Hendrycks and Collin Burns and Steven Basart and Andy Zou and Mantas Mazeika and Dawn Song and Jacob Steinhardt},
  booktitle = {International Conference on Learning Representations},
  year      = {2021}
}

@article{mialon-etal-2023-gaia,
  title   = {{GAIA}: a benchmark for General AI Assistants},
  author  = {Grégoire Mialon and Clémentine Fourrier and Craig Swift and Thomas Wolf and Yann LeCun and Thomas Scialom},
  journal = {arXiv preprint arXiv:2311.12983},
  year    = {2023}
}

@inproceedings{lin-etal-2022-truthfulqa,
  title     = {{TruthfulQA}: Measuring How Models Mimic Human Falsehoods},
  author    = {Stephanie Lin and Jacob Hilton and Owain Evans},
  booktitle = {Proceedings of the 60th Annual Meeting of the Association for Computational Linguistics},
  year      = {2022}
}

% Personality Assessment Tools
@misc{holistic-ai-2023-personality-classifier,
  title  = {Holistic {AI} Personality Classifier: Computational Assessment of Big Five Traits},
  author = {{Holistic AI}},
  year   = {2023},
  note   = {Technical Documentation}
}

% Added from comprehensive references (selected)
@article{wen-2024-llm-personality-survey,
  title={Self-assessment, exhibition, and recognition: a review of personality in large language models},
  author={Wen, Zhiyuan and Yang, Yu and Cao, Jiannong and Sun, Haoming and Yang, Ruosong and Liu, Shuaiqi},
  journal={arXiv preprint arXiv:2406.17624},
  year={2024}
}

@inproceedings{jiang-2024-personallm-naacl,
  title={PersonaLLM: Investigating the ability of large language models to express personality traits},
  author={Jiang, Hang and Zhang, Xiajie and Cao, Xubo and Breazeal, Cynthia and Roy, Deb and Kabbara, Jad},
  booktitle={Findings of the Association for Computational Linguistics: NAACL 2024},
  pages={3605--3627},
  year={2024}
}

@article{gupta-2024-psychometric-validity-llms,
  title={On the validity of psychometric instruments for large language models},
  author={Gupta, Udit and Song, Christine and Momen, Hritik and Dras, Mark and Dale, Robert},
  journal={arXiv preprint arXiv:2407.XXXXX},
  year={2024}
}

@article{song-2023-stability-llm-personality,
  title={The Stability of Large Language Models' Personality Traits},
  author={Song, Christine and Gupta, Udit and Momen, Hritik and Dras, Mark and Dale, Robert},
  journal={arXiv preprint arXiv:2312.XXXXX},
  year={2023}
}

@article{mao-2023-editing-personality,
  title={Editing personality for LLMs},
  author={Mao, Shengyu and Zhang, Ningyu and Wang, Xiaohan and Wang, Mengru and Yao, Yunzhi and Jiang, Yong and Xie, Pengjun and Huang, Fei and Chen, Huajun},
  journal={arXiv preprint arXiv:2310.02168},
  year={2023}
}

@article{dettmers-2023-qlora,
  title={QLoRA: Efficient finetuning of quantized LLMs},
  author={Dettmers, Tim and Pagnoni, Artidoro and Holtzman, Ari and Zettlemoyer, Luke},
  journal={arXiv preprint arXiv:2305.14314},
  year={2023}
}

@article{panickssery-2024-contrastive-activation-addition,
  title={Steering Llama 2 via contrastive activation addition},
  author={Panickssery, Nina and Gabrieli, Nick and Schulz, Julian and Tong, Meg and Hubinger, Evan and Turner, Alexander Matt},
  journal={arXiv preprint arXiv:2312.06681},
  year={2024}
}

@article{chen-2025-persona-vectors,
  title={Persona Vectors: Monitoring and Controlling Character Traits in Language Models},
  author={Chen, Runjin and Arditi, Andy and Sleight, Henry and Evans, Owain and Lindsey, Jack},
  journal={arXiv preprint arXiv:2507.21509},
  year={2025}
}

@inproceedings{gehman-2020-realtoxicityprompts,
  title={RealToxicityPrompts: Evaluating neural toxic degeneration in language models},
  author={Gehman, Samuel and Gururangan, Suchin and Sap, Maarten and Choi, Yejin and Smith, Noah A},
  booktitle={Findings of EMNLP 2020},
  pages={3356--3369},
  year={2020}
}

@article{zhang-2024-better-angels,
  title={The better angels of machine personality: How personality relates to LLM safety},
  author={Zhang, Jie and Liu, Dongrui and Qian, Chen and Gan, Ziyue and Liu, Yong and Qiao, Yu and Shao, Jing},
  journal={arXiv preprint arXiv:2407.12344},
  year={2024}
}

@article{wang-2025-personality-bias-toxicity,
  title={Exploring the Impact of Personality Traits on LLM Bias and Toxicity},
  author={Wang, Shuo and Li, Renhao and Chen, Xi and Wong, Derek F and Yuan, Yulin and Yang, Min},
  journal={arXiv preprint arXiv:2502.12566},
  year={2025}
}

@article{durmus-2024-evaluating-feature-steering,
  title={Evaluating feature steering: A case study in mitigating social biases},
  author={Durmus, Esin and Tamkin, Alex and Clark, Jack and Wei, Jerry and Marcus, Jonathan and Batson, Joshua and Handa, Kunal and Lovitt, Liane and Tong, Meg and McCain, Miles and others},
  journal={Anthropic Research},
  year={2024}
}

@article{olah-2020-circuits,
  title={Zoom in: An introduction to circuits},
  author={Olah, Chris and Cammarata, Nick and Schubert, Ludwig and Goh, Gabriel and Petrov, Michael and Carter, Shan},
  journal={Distill},
  volume={5},
  number={3},
  pages={e00024--001},
  year={2020}
}

@article{bricken-2023-monosemanticity,
  title={Towards monosemanticity: Decomposing language models with dictionary learning},
  author={Bricken, Trenton and Templeton, Adly and Batson, Joshua and Chen, Brian and Jermyn, Adam and Conerly, Tom and Turner, Nick and Anil, Cem and Denison, Carson and Askell, Amanda and others},
  journal={Transformer Circuits Thread},
  year={2023}
}

@article{elhage-2022-superposition,
  title={Toy models of superposition},
  author={Elhage, Nelson and Hume, Tristan and Olsson, Catherine and Schiefer, Nicholas and Henighan, Tom and Kravec, Shauna and Hatfield-Dodds, Zac and Lasenby, Robert and Drain, Dawn and Chen, Carol and others},
  journal={arXiv preprint arXiv:2209.10652},
  year={2022}
}

@article{rai-2024-mechinterp-review,
  title={A practical review of mechanistic interpretability for transformer-based language models},
  author={Rai, Daking and Zhou, Yilun and Feng, Shi and Saparov, Abulhair and Yao, Ziyu},
  journal={arXiv preprint arXiv:2407.02646},
  year={2024}
}

@article{jain-2025-peft-emoji,
  title={From Text to Emoji: How {PEFT}-Driven Personality Manipulation Unleashes the Emoji Potential in {LLMs}},
  author={Jain, Navya and Wu, Zekun and Munoz, Cristian and Hilliard, Airlie and Guan, Xin and Koshiyama, Adriano and Kazim, Emre and Treleaven, Philip},
  journal={arXiv preprint arXiv:2409.10245},
  year={2025},
  doi={10.48550/arXiv.2409.10245}
}